@misc{entropy,
      title={Lectures on entanglement entropy in field theory and holography}, 
      author={Matthew Headrick},
      year={2019},
      eprint={1907.08126},
      archivePrefix={arXiv},
      primaryClass={hep-th}
}

@misc{Bell,
    author    = "J. S. BELL",
    title     = "ON THE EINSTEIN PODOLSKY ROSEN PARADOX*",
    howpublished    = "\url{https://cds.cern.ch/record/111654/files/vol1p195-200_001.pdf}"
}

@article{Ryu,
   title={Holographic Derivation of Entanglement Entropy from the anti–de Sitter Space/Conformal Field Theory Correspondence},
   volume={96},
   ISSN={1079-7114},
   url={http://dx.doi.org/10.1103/PhysRevLett.96.181602},
   DOI={10.1103/physrevlett.96.181602},
   number={18},
   journal={Physical Review Letters},
   publisher={American Physical Society (APS)},
   author={Ryu, Shinsei and Takayanagi, Tadashi},
   year={2006},
   month={May}
}

@article{Ryu_2006,
   title={Aspects of holographic entanglement entropy},
   volume={2006},
   ISSN={1029-8479},
   url={http://dx.doi.org/10.1088/1126-6708/2006/08/045},
   DOI={10.1088/1126-6708/2006/08/045},
   number={08},
   journal={Journal of High Energy Physics},
   publisher={Springer Science and Business Media LLC},
   author={Ryu, Shinsei and Takayanagi, Tadashi},
   year={2006},
   month={Aug},
   pages={045–045}
}

@article{Ba_ados_1993,
   title={Geometry of the 2+1 black hole},
   volume={48},
   ISSN={0556-2821},
   url={http://dx.doi.org/10.1103/PhysRevD.48.1506},
   DOI={10.1103/physrevd.48.1506},
   number={4},
   journal={Physical Review D},
   publisher={American Physical Society (APS)},
   author={Bañados, Máximo and Henneaux, Marc and Teitelboim, Claudio and Zanelli, Jorge},
   year={1993},
   month={Aug},
   pages={1506–1525}
}

@article{PhysRevD.7.2333,
  title = {Black Holes and Entropy},
  author = {Bekenstein, Jacob D.},
  journal = {Phys. Rev. D},
  volume = {7},
  issue = {8},
  pages = {2333--2346},
  numpages = {0},
  year = {1973},
  month = {Apr},
  publisher = {American Physical Society},
  doi = {10.1103/PhysRevD.7.2333},
  url = {https://link.aps.org/doi/10.1103/PhysRevD.7.2333}
}

@article{PhysRevLett.26.1344,
  title = {Gravitational Radiation from Colliding Black Holes},
  author = {Hawking, S. W.},
  journal = {Phys. Rev. Lett.},
  volume = {26},
  issue = {21},
  pages = {1344--1346},
  numpages = {0},
  year = {1971},
  month = {May},
  publisher = {American Physical Society},
  doi = {10.1103/PhysRevLett.26.1344},
  url = {https://link.aps.org/doi/10.1103/PhysRevLett.26.1344}
}

@article{PhysRevD.48.1506,
  title = {Geometry of the 2+1 black hole},
  author = {Ba\~nados, M\'aximo and Henneaux, Marc and Teitelboim, Claudio and Zanelli, Jorge},
  journal = {Phys. Rev. D},
  volume = {48},
  issue = {4},
  pages = {1506--1525},
  numpages = {0},
  year = {1993},
  month = {Aug},
  publisher = {American Physical Society},
  doi = {10.1103/PhysRevD.48.1506},
  url = {https://link.aps.org/doi/10.1103/PhysRevD.48.1506}
}

@article{ISRAEL1976107,
title = {Thermo-field dynamics of black holes},
journal = {Physics Letters A},
volume = {57},
number = {2},
pages = {107-110},
year = {1976},
issn = {0375-9601},
doi = {https://doi.org/10.1016/0375-9601(76)90178-X},
url = {https://www.sciencedirect.com/science/article/pii/037596017690178X},
author = {W. Israel},
}

@article{Maldacena_1999, 
   volume={38},
   ISSN={0020-7748},
   url={http://dx.doi.org/10.1023/A:1026654312961},
   DOI={10.1023/a:1026654312961},
   number={4},
   journal={International Journal of Theoretical Physics},
   publisher={Springer Science and Business Media LLC},
   author={Maldacena, Juan},
   year={1999},
   pages={1113–1133}
}

@article{Hubeny_2007,
   title={A covariant holographic entanglement entropy proposal},
   volume={2007},
   ISSN={1029-8479},
   url={http://dx.doi.org/10.1088/1126-6708/2007/07/062},
   DOI={10.1088/1126-6708/2007/07/062},
   number={07},
   journal={Journal of High Energy Physics},
   publisher={Springer Science and Business Media LLC},
   author={Hubeny, Veronika E and Rangamani, Mukund and Takayanagi, Tadashi},
   year={2007},
   month={Jul},
   pages={062–062}
}

@article{PhysRevLett.71.3743,
  title = {Information in black hole radiation},
  author = {Page, Don N.},
  journal = {Phys. Rev. Lett.},
  volume = {71},
  issue = {23},
  pages = {3743--3746},
  numpages = {0},
  year = {1993},
  month = {Dec},
  publisher = {American Physical Society},
  doi = {10.1103/PhysRevLett.71.3743},
  url = {https://link.aps.org/doi/10.1103/PhysRevLett.71.3743}
}



@Article{Hawking1983,
author={Hawking, S. W.
and Page, Don N.},
title={Thermodynamics of black holes in anti-de Sitter space},
journal={Communications in Mathematical Physics},
year={1983},
month={Dec},
day={01},
volume={87},
number={4},
pages={577-588},
issn={1432-0916},
doi={10.1007/BF01208266},
url={https://doi.org/10.1007/BF01208266}
}

@Article{Bekenstein1972,
author={Bekenstein, J. D.},
title={Black holes and the second law},
journal={Lettere al Nuovo Cimento (1971-1985)},
year={1972},
month={Aug},
day={01},
volume={4},
number={15},
pages={737-740},
issn={1827-613X},
doi={10.1007/BF02757029},
url={https://doi.org/10.1007/BF02757029}
}

@article{PhysRevLett.25.1596,
  title = {Reversible and Irreversible Transformations in Black-Hole Physics},
  author = {Christodoulou, Demetrios},
  journal = {Phys. Rev. Lett.},
  volume = {25},
  issue = {22},
  pages = {1596--1597},
  numpages = {0},
  year = {1970},
  month = {Nov},
  publisher = {American Physical Society},
  doi = {10.1103/PhysRevLett.25.1596},
  url = {https://link.aps.org/doi/10.1103/PhysRevLett.25.1596}
}

@Article{Hawking1975,
author={Hawking, S. W.},
title={Particle creation by black holes},
journal={Communications in Mathematical Physics},
year={1975},
month={Aug},
day={01},
volume={43},
number={3},
pages={199-220},
issn={1432-0916},
doi={10.1007/BF02345020},
url={https://doi.org/10.1007/BF02345020}
}

@misc{almheiri2020entropy,
      title={The entropy of Hawking radiation}, 
      author={Ahmed Almheiri and Thomas Hartman and Juan Maldacena and Edgar Shaghoulian and Amirhossein Tajdini},
      year={2020},
      eprint={2006.06872},
      archivePrefix={arXiv},
      primaryClass={hep-th}
}

@article{Marolf_2021,
   title={Observations of Hawking radiation: the Page curve and baby universes},
   volume={2021},
   ISSN={1029-8479},
   url={http://dx.doi.org/10.1007/JHEP04(2021)272},
   DOI={10.1007/jhep04(2021)272},
   number={4},
   journal={Journal of High Energy Physics},
   publisher={Springer Science and Business Media LLC},
   author={Marolf, Donald and Maxfield, Henry},
   year={2021},
   month={Apr}
}

@misc{chu2021page,
      title={Page Curve from Defect Extremal Surface and Island in Higher Dimensions}, 
      author={Jinwei Chu and Feiyu Deng and Yang Zhou},
      year={2021},
      eprint={2105.09106},
      archivePrefix={arXiv},
      primaryClass={hep-th}
}

@misc{Virmani,
      title={An introduction to entanglement measures}, 
      author={Martin B. Plenio and Shashank Virmani},
      year={2006},
      eprint={quant-ph/0504163},
      archivePrefix={arXiv},
      primaryClass={quant-ph}
}

@article{Kleinmann_2006,
   title={Physical purification of quantum states},
   volume={73},
   ISSN={1094-1622},
   url={http://dx.doi.org/10.1103/PhysRevA.73.062309},
   DOI={10.1103/physreva.73.062309},
   number={6},
   journal={Physical Review A},
   publisher={American Physical Society (APS)},
   author={Kleinmann, M. and Kampermann, H. and Meyer, T. and Bruß, D.},
   year={2006},
   month={Jun}
}

@article{schrodinger_1936,
    title={Probability relations between separated systems},
    volume={32},
    DOI={10.1017/S0305004100019137},
    number={3},
    journal={Mathematical Proceedings of the Cambridge Philosophical Society},
    publisher={Cambridge University Press},
    author={Schrödinger, E.}, year={1936}, pages={446–452}
}

@Article{bengtsson_zyczkowski_2006,
    place={Cambridge},
    title={Geometry of Quantum States: An Introduction to Quantum Entanglement},
    DOI={10.1017/CBO9780511535048},
    publisher={Cambridge University Press},
    author={Bengtsson, Ingemar and Zyczkowski, Karol},
    year={2006},
    pages={301}
}

@article{Almheiri_2013,
   title={Black holes: complementarity or firewalls?},
   volume={2013},
   ISSN={1029-8479},
   url={http://dx.doi.org/10.1007/JHEP02(2013)062},
   DOI={10.1007/jhep02(2013)062},
   number={2},
   journal={Journal of High Energy Physics},
   publisher={Springer Science and Business Media LLC},
   author={Almheiri, Ahmed and Marolf, Donald and Polchinski, Joseph and Sully, James},
   year={2013},
   month={Feb}
}


@article{Maldacena_2013,
   title={Cool horizons for entangled black holes},
   volume={61},
   ISSN={0015-8208},
   url={http://dx.doi.org/10.1002/prop.201300020},
   DOI={10.1002/prop.201300020},
   number={9},
   journal={Fortschritte der Physik},
   publisher={Wiley},
   author={Maldacena, J. and Susskind, L.},
   year={2013},
   month={Aug},
   pages={781–811}
}

@article{Bachas_2021,
   title={Phases of holographic interfaces},
   volume={2021},
   ISSN={1029-8479},
   url={http://dx.doi.org/10.1007/JHEP04(2021)262},
   DOI={10.1007/jhep04(2021)262},
   number={4},
   journal={Journal of High Energy Physics},
   publisher={Springer Science and Business Media LLC},
   author={Bachas, Constantin and Papadopoulos, Vassilis},
   year={2021},
   month={Apr}
}

@article{PhysRevD.14.2460,
  title = {Breakdown of predictability in gravitational collapse},
  author = {Hawking, S. W.},
  journal = {Phys. Rev. D},
  volume = {14},
  issue = {10},
  pages = {2460--2473},
  numpages = {0},
  year = {1976},
  month = {Nov},
  publisher = {American Physical Society},
  doi = {10.1103/PhysRevD.14.2460},
  url = {https://link.aps.org/doi/10.1103/PhysRevD.14.2460}
}

@article{DeWolfe_2002,
   title={Holography and defect conformal field theories},
   volume={66},
   ISSN={1089-4918},
   url={http://dx.doi.org/10.1103/PhysRevD.66.025009},
   DOI={10.1103/physrevd.66.025009},
   number={2},
   journal={Physical Review D},
   publisher={American Physical Society (APS)},
   author={DeWolfe, Oliver and Freedman, Daniel Z. and Ooguri, Hirosi},
   year={2002},
   month={Jul}
}

@article{Bachas_2002,
   title={Permeable conformal walls and holography},
   volume={2002},
   ISSN={1029-8479},
   url={http://dx.doi.org/10.1088/1126-6708/2002/06/027},
   DOI={10.1088/1126-6708/2002/06/027},
   number={06},
   journal={Journal of High Energy Physics},
   publisher={Springer Science and Business Media LLC},
   author={Bachas, Constantin and Boer, Jan de and Dijkgraaf, Robbert and Ooguri, Hirosi},
   year={2002},
   month={Jun},
   pages={027–027}
}

@article{Simidzija_2020,
   title={Holo-ween},
   volume={2020},
   ISSN={1029-8479},
   url={http://dx.doi.org/10.1007/JHEP12(2020)028},
   DOI={10.1007/jhep12(2020)028},
   number={12},
   journal={Journal of High Energy Physics},
   publisher={Springer Science and Business Media LLC},
   author={Simidzija, Petar and Van Raamsdonk, Mark},
   year={2020},
   month={Dec}
}

@article{Almheiri_2020,
   title={The Page curve of Hawking radiation from semiclassical geometry},
   volume={2020},
   ISSN={1029-8479},
   url={http://dx.doi.org/10.1007/JHEP03(2020)149},
   DOI={10.1007/jhep03(2020)149},
   number={3},
   journal={Journal of High Energy Physics},
   publisher={Springer Science and Business Media LLC},
   author={Almheiri, Ahmed and Mahajan, Raghu and Maldacena, Juan and Zhao, Ying},
   year={2020},
   month={Mar}
}

@misc{almheiri2019islands,
      title={Islands outside the horizon}, 
      author={Ahmed Almheiri and Raghu Mahajan and Juan Maldacena},
      year={2019},
      eprint={1910.11077},
      archivePrefix={arXiv},
      primaryClass={hep-th}
}

@article{PhysRevLett.19.1264,
  title = {A Model of Leptons},
  author = {Weinberg, Steven},
  journal = {Phys. Rev. Lett.},
  volume = {19},
  issue = {21},
  pages = {1264--1266},
  numpages = {0},
  year = {1967},
  month = {Nov},
  publisher = {American Physical Society},
  doi = {10.1103/PhysRevLett.19.1264},
  url = {https://link.aps.org/doi/10.1103/PhysRevLett.19.1264}
}

@article{osti_4767615,
title = {WEAK AND ELECTROMAGNETIC INTERACTIONS.},
author = {Salam, A},
abstractNote = {},
doi = {},
url = {https://www.osti.gov/biblio/4767615}, journal = {pp 367-77 of Elementary Particle Theory. Svartholm, Nils (ed.). New York, John Wiley and Sons, Inc., 1968.},
number = ,
volume = ,
place = {Country unknown/Code not available},
year = {1969},
month = {10}
}

@article{Schwarzschild:1916uq,
    author = "Schwarzschild, Karl",
    title = "{On the gravitational field of a mass point according to Einstein's theory}",
    eprint = "physics/9905030",
    archivePrefix = "arXiv",
    journal = "Sitzungsber. Preuss. Akad. Wiss. Berlin (Math. Phys. )",
    volume = "1916",
    pages = "189--196"
}

@misc{gharibian2009strong,
      title={Strong NP-Hardness of the Quantum Separability Problem}, 
      author={Sevag Gharibian},
      year={2009},
      eprint={0810.4507},
      archivePrefix={arXiv},
      primaryClass={quant-ph}
}

@misc{TomHartman,
      title={Quantum Gravity and Black Holes}, 
      author={Tom Hartman},
      year={2015},
      howpublished    = "\url{http://www.hartmanhep.net/topics2015/}"
}

@article{Ba_ados_1992,
   title={Black hole in three-dimensional spacetime},
   volume={69},
   ISSN={0031-9007},
   url={http://dx.doi.org/10.1103/PhysRevLett.69.1849},
   DOI={10.1103/physrevlett.69.1849},
   number={13},
   journal={Physical Review Letters},
   publisher={American Physical Society (APS)},
   author={Bañados, Máximo and Teitelboim, Claudio and Zanelli, Jorge},
   year={1992},
   month={Sep},
   pages={1849–1851}
}

@article{Simidzija_2020,
   title={Holo-ween},
   volume={2020},
   ISSN={1029-8479},
   url={http://dx.doi.org/10.1007/JHEP12(2020)028},
   DOI={10.1007/jhep12(2020)028},
   number={12},
   journal={Journal of High Energy Physics},
   publisher={Springer Science and Business Media LLC},
   author={Simidzija, Petar and Van Raamsdonk, Mark},
   year={2020},
   month={Dec}
}

@article{Israel:1966rt,
    author = "Israel, W.",
    title = "{Singular hypersurfaces and thin shells in general relativity}",
    doi = "10.1007/BF02710419",
    journal = "Nuovo Cim. B",
    volume = "44S10",
    pages = "1",
    year = "1966",
    note = "[Erratum: Nuovo Cim.B 48, 463 (1967)]"
}

@article{Townsend:1997ku,
    author = "Townsend, P. K.",
    title = "{Black holes: Lecture notes}",
    eprint = "gr-qc/9707012",
    archivePrefix = "arXiv",
    month = "7",
    year = "1997"
}

@article{Strominger_1996,
   title={Microscopic origin of the Bekenstein-Hawking entropy},
   volume={379},
   ISSN={0370-2693},
   url={http://dx.doi.org/10.1016/0370-2693(96)00345-0},
   DOI={10.1016/0370-2693(96)00345-0},
   number={1-4},
   journal={Physics Letters B},
   publisher={Elsevier BV},
   author={Strominger, Andrew and Vafa, Cumrun},
   year={1996},
   month={Jun},
   pages={99–104}
}
